Schwab, Klaus. "The Fourth Industrial Revolution." <i>Foreign Affairs</i>, 12 December 2015, https://www.foreignaffairs.com/world/fourth-industrial-revolution. Accessed 15 July 2024.

@article{SchwabIndustry,
  title={The Fourth Industrial Revolution},
  author={Schwab, Klaus},
  journal={Foreign Affairs},
  year={2015},
  month = {December},
  url = {www.foreignaffairs.com/world/fourth-industrial-revolution.},
  note = {Accessed 15 July 2024.}
}


@article{hoerl2020ridge,
author = {Roger W. Hoerl},
title = {Ridge Regression: A Historical Context},
journal = {Technometrics},
volume = {62},
number = {4},
pages = {420--425},
year = {2020},
publisher = {Taylor \& Francis},
doi = {10.1080/00401706.2020.1742207},


URL = { 
    
        https://doi.org/10.1080/00401706.2020.1742207
    
    

},
eprint = { 
    
        https://doi.org/10.1080/00401706.2020.1742207
    
    

}

}
@article{bourgain2011explicit,
  title={Explicit constructions of RIP matrices and related problems},
  author={Bourgain, Jean and Dilworth, Stephen and Ford, Kevin and Konyagin, Sergei and Kutzarova, Denka},
  year={2011}
}

@article{ford2022explicit,
  title={Explicit RIP matrices: an update},
  author={Ford, Kevin and Kutzarova, Denka and Shakan, George},
  journal={Acta Mathematica Hungarica},
  volume={168},
  number={2},
  pages={509--515},
  year={2022},
  publisher={Springer}
}

#https://developer.nvidia.com/blog/bias-variance-decompositions-using-xgboost/

@article{patnaik2016divisive,
  title={Divisive Analysis (DIANA) of hierarchical clustering and GPS data for level of service criteria of urban streets},
  author={Patnaik, Ashish Kumar and Bhuyan, Prasanta Kumar and Rao, KV Krishna},
  journal={Alexandria Engineering Journal},
  volume={55},
  number={1},
  pages={407--418},
  year={2016},
  publisher={Elsevier}
}

@article{widrow199030,
  title={30 years of adaptive neural networks: perceptron, madaline, and backpropagation},
  author={Widrow, Bernard and Lehr, Michael A},
  journal={Proceedings of the IEEE},
  volume={78},
  number={9},
  pages={1415--1442},
  year={1990},
  publisher={IEEE}
}

@article{lecun1989handwritten,
  title={Handwritten digit recognition with a back-propagation network},
  author={LeCun, Yann and Boser, Bernhard and Denker, John and Henderson, Donnie and Howard, Richard and Hubbard, Wayne and Jackel, Lawrence},
  journal={Advances in neural information processing systems},
  volume={2},
  year={1989}
}

@article{tropp2007signal,
  title={Signal recovery from random measurements via orthogonal matching pursuit},
  author={Tropp, Joel A and Gilbert, Anna C},
  journal={IEEE Transactions on information theory},
  volume={53},
  number={12},
  pages={4655--4666},
  year={2007},
  publisher={IEEE}
}

@article{needell2010cosamp,
  title={CoSaMP: iterative signal recovery from incomplete and inaccurate samples},
  author={Needell, Deanna and Tropp, Joel A},
  journal={Communications of the ACM},
  volume={53},
  number={12},
  pages={93--100},
  year={2010},
  publisher={ACM New York, NY, USA}
}


@misc{dirk2017lecture,
    author ={Dirk - André Deckert} ,
    title ={Advanced Topics in Machine Learning} ,
    publisher = {TU München},
    year ={2017}
}

@article{kingma2019introduction,
  title={An introduction to variational autoencoders},
  author={Kingma, Diederik P and Welling, Max and others},
  journal={Foundations and Trends{\textregistered} in Machine Learning},
  volume={12},
  number={4},
  pages={307--392},
  year={2019},
  publisher={Now Publishers, Inc.}
}

@article{tenenbaum2000global,
  title={A global geometric framework for nonlinear dimensionality reduction},
  author={Tenenbaum, Joshua B and Silva, Vin de and Langford, John C},
  journal={science},
  volume={290},
  number={5500},
  pages={2319--2323},
  year={2000},
  publisher={American Association for the Advancement of Science}
}

@book{hastieElements,
    author = {Hastie T, Tibshirani R, Friedman J},
    title = {The elements of statistical learning  : data mining, inference, and prediction},
    publisher = {Springer},
year = {2009},
note = {Available at \hyperlink{\texttt{https://hastie.su.domains/ElemStatLearn/}}{https://hastie.su.domains/ElemStatLearn/}

}
@book{tao2012topics,
  title={Topics in random matrix theory},
  author={Tao, Terence},
  volume={132},
  year={2012},
  publisher={American Mathematical Soc.},
  url = {https://terrytao.wordpress.com/wp-content/uploads/2011/02/matrix-book.pdf}
}

@book{james2023introduction,
  title={An introduction to statistical learning: With applications in python},
  author={James, Gareth and Witten, Daniela and Hastie, Trevor and Tibshirani, Robert and Taylor, Jonathan},
  year={2023},
  publisher={Springer Nature},
    url ={https://www.statlearning.com/}
}
@misc{hastie2009elements,
  title={The elements of statistical learning: data mining, inference, and prediction},
  author={Hastie, Trevor},
  year={2009},
  publisher={Springer}
}
@book{boyd2004convex,
  title={Convex optimization},
  author={Boyd, Stephen and Vandenberghe, Lieven},
  year={2004},
  publisher={Cambridge university press},
url = {https://web.stanford.edu/~boyd/cvxbook/}
}

@book{FouRau2013,
author={S. Foucart and H. Rauhut},
year={2013},
title={A Mathematical Introduction to Compressive Sensing},
publisher={Birkh{\"a}user},
address = {New York},
url = {https://users.math.msu.edu/users/iwenmark/Teaching/MTH994/Holger_Simon_book.pdf}}

@article{zou2005regularization,
  title={Regularization and variable selection via the elastic net},
  author={Zou, Hui and Hastie, Trevor},
  journal={Journal of the Royal Statistical Society Series B: Statistical Methodology},
  volume={67},
  number={2},
  pages={301--320},
  year={2005},
  publisher={Oxford University Press}
}

@article{dumoulin2016guide,
  title={A guide to convolution arithmetic for deep learning},
  author={Dumoulin, Vincent and Visin, Francesco},
  journal={arXiv preprint arXiv:1603.07285},
  year={2016}
}

@article{jacot2018neural,
  title={Neural tangent kernel: Convergence and generalization in neural networks},
  author={Jacot, Arthur and Gabriel, Franck and Hongler, Cl{\'e}ment},
  journal={Advances in neural information processing systems},
  volume={31},
  year={2018}
}

@article{vaswani2017attention,
  title={Attention is all you need},
  author={Vaswani, A},
  journal={Advances in Neural Information Processing Systems},
  year={2017}
}

@article{hornik1989multilayer,
  title={Multilayer feedforward networks are universal approximators},
  author={Hornik, Kurt and Stinchcombe, Maxwell and White, Halbert},
  journal={Neural networks},
  volume={2},
  number={5},
  pages={359--366},
  year={1989},
  publisher={Elsevier}
}

@article{baraniuk2008simple,
  title={A simple proof of the restricted isometry property for random matrices},
  author={Baraniuk, Richard and Davenport, Mark and DeVore, Ronald and Wakin, Michael},
  journal={Constructive approximation},
  volume={28},
  pages={253--263},
  year={2008},
  publisher={Springer}
}

@ARTICLE{UnserStructure,

  author={Unser, Michael and Fageot, Julien and Gupta, Harshit},

  journal={IEEE Transactions on Information Theory}, 

  title={Representer Theorems for Sparsity-Promoting  $\ell _{1}$  Regularization}, 

  year={2016},

  volume={62},

  number={9},

  pages={5167-5180},

  keywords={Compressed sensing;Minimization;Dictionaries;Presses;Indexes;Inverse problems;Optimization;Sparsity;compressed sensing;linear inverse problems;regularization;$\ell _{1}$ -norm minimization;total variation},

  doi={10.1109/TIT.2016.2590421}}


@article{zhou2021data,
  title={Data augmentation with Mobius transformations},
  author={Zhou, Sharon and Zhang, Jiequan and Jiang, Hang and Lundh, Torbj{\"o}rn and Ng, Andrew Y},
  journal={Machine Learning: Science and Technology},
  volume={2},
  number={2},
  pages={025016},
  year={2021},
  publisher={IOP Publishing}
}

@article{foucart2011hard,
  title={Hard thresholding pursuit: an algorithm for compressive sensing},
  author={Foucart, Simon},
  journal={SIAM Journal on numerical analysis},
  volume={49},
  number={6},
  pages={2543--2563},
  year={2011},
  publisher={SIAM}
}

@ARTICLE{WelchBound,

  author={Welch, L.},

  journal={IEEE Transactions on Information Theory}, 

  title={Lower bounds on the maximum cross correlation of signals (Corresp.)}, 

  year={1974},

  volume={20},

  number={3},

  pages={397-399},

  keywords={},

  doi={10.1109/TIT.1974.1055219}}
